@book{kauffman,
	author = {Kauffman, Louis H.},
	edition = {4},
	isbn = {978-981-4383-00-4},
	location = {Singapore},
	number = {53},
	publisher = {World Scientific},
	series = {Knots and Everything},
	title = {Knots and physics},
	year = {2013}
}

@book{cromwell,
	author = {Cromwell, Peter R.},
	isbn = {0-521-83947-5},
	location = {Cambridge, UK},
	publisher = {Cambridge University Press},
	title = {Knots and links},
	year = {2004}
}

@misc{siegel,
	author = {Siegel, Paul (https://mathoverflow.net/users/4362/paul-siegel)},
	date = {2017-04-29},
	note = {Comment on the question ``Why is Quantum Field Theory so topological?"},
	organization = {MathOverflow},
	title = {Why is topology so quantum field theoretic?},
	url = {https://mathoverflow.net/questions/268540/why-is-quantum-field-theory-so-topological#comment663918_268540}
}

@misc{yang-baxter,
	author = {contributors, Wikipedia},
	organization = {{Wikipedia}{,} The Free Encyclopedia},
	title = {Yang--Baxter equation},
	url = {https://en.wikipedia.org/w/index.php?title=Yang%E2%80%93Baxter_equation&oldid=1102882512},
	urldate = {2022-08-28},
	year = {2022}
}

@misc{partition-algebra,
	author = {contributors, Wikipedia},
	organization = {{Wikipedia}{,} The Free Encyclopedia},
	title = {Partition algebra},
	url = {https://en.wikipedia.org/wiki/Partition_algebra}
}

@article{jones,
	author = {Jones, F. R. Vaughan},
	doi = {10.1090/s0273-0979-1985-15304-2},
	journal = {Bulletin of the American Mathematical Society},
	number = {1},
	pages = {103--111},
	publisher = {American Mathematical Society},
	title = {A polynomial invariant for knots via von Neumann algebras},
	volume = {12},
	year = {1985}
}

@article{witten,
	author = {Witten, Edward},
	issue = {Spring},
	journal = {Institute Letter},
	location = {Princeton, NJ},
	organization = {Institute for Advanced Study},
	title = {Knots and quantum theory},
	url = {https://www.ias.edu/ideas/2011/witten-knots-quantum-theory},
	urldate = {2022-09-02},
	year = {2011}
}

@article{temperley-lieb,
	author = {Temperley, H. Neville V. and Lieb, Eliott H.},
	doi = {10.1098/rspa.1971.0067},
	journal = {Proceedings of the Royal Society of London. A. Mathematical and Physical Sciences},
	month = 4,
	number = {1549},
	pages = {251--280},
	publisher = {The Royal Society},
	title = {Relations between the `percolation' and `colouring' problem and other graph-theoretical problems associated with regular planar lattices: some exact results for the `percolation' problem},
	volume = {322},
	year = {1971}
}

@article{artinzopfe,
	author = {Artin, Emil},
	doi = {10.1007/bf02950718},
	issn = {1865-8784},
	journal = {Abhandlungen aus dem Mathematischen Seminar der Universit{\"a}t Hamburg},
	month = 10,
	number = {1},
	pages = {47--72},
	publisher = {Springer Science and Business Media LLC},
	title = {Theorie der z{\"o}pfe},
	volume = {4},
	x-fetchedfrom = {DOI},
	year = {1925}
}

@article{bohnenblust,
	author = {Bohnenblust, H. Frederic},
	doi = {10.2307/1969219},
	issn = {0003-486X},
	journal = {The Annals of Mathematics},
	month = 1,
	number = {1},
	pages = {127},
	publisher = {JSTOR},
	title = {The algebraical braid group},
	volume = {48},
	x-fetchedfrom = {DOI},
	year = {1947}
}

@article{artin,
	author = {Artin, Emil},
	doi = {10.2307/1969218},
	issn = {0003486X},
	journal = {Annals of Mathematics},
	number = {1},
	pages = {101--126},
	publisher = {JSTOR},
	title = {Theory of braids},
	x-fetchedfrom = {Google Scholar},
	year = {1947}
}

@article{friedman,
	author = {Friedman, Michael},
	doi = {10.1080/17498430.2018.1533298},
	journal = {British Journal for the History of Mathematics},
	number = {1},
	pages = {43--59},
	publisher = {Taylor \& Francis},
	title = {Mathematical formalization and diagrammatic reasoning: the case study of the braid group between 1925 and 1950},
	volume = {34},
	x-fetchedfrom = {Google Scholar},
	year = {2019}
}

@book{birman,
	author = {Birman, Joan S.},
	isbn = {978-14-0088142-0},
	number = {82},
	publisher = {Princeton University Press},
	series = {Annals of Mathematics Studies},
	title = {Braids, links, and mapping class groups},
	year = {1974}
}

@article{markov,
	author = {Markov, Jr., Andrei A.},
	journal = {Recueil Math{\'e}matique. Nouvelle S{\'e}rie},
	language = {German},
	pages = {73--78},
	title = {{\"U}ber die freie {\"a}quivalenz der geschlossenen {z{\"o}pfe}},
	url = {https://www.mathnet.ru/php/archive.phtml?wshow=paper&jrnid=sm&paperid=5479&option_lang=eng},
	volume = {1},
	year = {1936},
	zbl = {0014.04202},
	zbmath = {3021610}
}

@article{alexander,
	author = {Alexander, James W.},
	doi = {10.1073/pnas.9.3.93},
	journal = {Proceedings of the National Academy of Sciences},
	month = {3},
	number = {3},
	pages = {93--95},
	publisher = {Proceedings of the National Academy of Sciences},
	title = {A lemma on systems of knotted curves},
	volume = {9},
	year = {1923}
}

@book{murasugibraids,
	author = {Murasugi, Kunio and Kurpita, Bohdan I.},
	isbn = {978-0-7923-5767-4},
	publisher = {Springer Science \& Business Media},
	title = {A study of braids},
	x-fetchedfrom = {Google Scholar},
	year = {1999}
}

@article{ancel,
	author = {Ancel, Fredric D.},
	eprint = {2112.13940},
	eprintclass = {math.GT},
	eprinttype = {arxiv},
	title = {Semi-isotopic knots},
	year = {2021}
}

@misc{shijie,
	author = {Gu, Shijie},
	date = {2022-12-26},
	note = {Answer to the question ``Bing sling isotopy to unknot" (version: 2022-12-27)},
	organization = {MathOverflow},
	title = {Bing sling isotopy to unknot},
	url = {https://mathoverflow.net/q/437260}
}

@article{morton,
	author = {Morton, H. R.},
	doi = {10.1017/S0305004100064161},
	journal = {Mathematical Proceedings of the Cambridge Philosophical Society},
	number = {2},
	pages = {247--260},
	publisher = {Cambridge University Press},
	title = {Threading knot diagrams},
	volume = {99},
	year = {1986}
}

